<record><leader>00000cas a2200000 a 4500</leader><controlfield tag="001">15711029</controlfield><controlfield tag="008">870519c19869999cauwr ne      0   a0eng c</controlfield><datafield ind1=" " ind2=" " tag="010"><subfield code="a">sn 87008440 </subfield></datafield><datafield ind1=" " ind2=" " tag="040"><subfield code="a">NSD</subfield><subfield code="b">eng</subfield><subfield code="c">NSD</subfield><subfield code="d">CNK</subfield><subfield code="d">OCLCQ</subfield><subfield code="d">CNK</subfield><subfield code="d">OCLCQ</subfield><subfield code="d">OCLCF</subfield><subfield code="d">OCLCO</subfield></datafield><datafield ind1=" " ind2=" " tag="012"><subfield code="l">1</subfield><subfield code="m">1</subfield></datafield><datafield ind1="1" ind2=" " tag="022"><subfield code="a">0893-9004</subfield><subfield code="l">0893-9004</subfield><subfield code="2">1</subfield></datafield><datafield ind1="1" ind2=" " tag="029"><subfield code="a">AU@</subfield><subfield code="b">000025795594</subfield></datafield><datafield ind1=" " ind2=" " tag="032"><subfield code="a">330110</subfield><subfield code="b">USPS</subfield></datafield><datafield ind1=" " ind2=" " tag="037"><subfield code="b">The News-Review, Box 444, Inyokern, CA 93527</subfield></datafield><datafield ind1=" " ind2=" " tag="042"><subfield code="a">nsdp</subfield><subfield code="a">pcc</subfield></datafield><datafield ind1=" " ind2=" " tag="043"><subfield code="a">n-us-ca</subfield></datafield><datafield ind1="0" ind2=" " tag="130"><subfield code="a">News-review (Inyokern, Calif.)</subfield></datafield><datafield ind1=" " ind2="4" tag="222"><subfield code="a">The News-review</subfield><subfield code="b">(Inyokern, Calif.)</subfield></datafield><datafield ind1="1" ind2="4" tag="245"><subfield code="a">The news-review.</subfield></datafield><datafield ind1="1" ind2="3" tag="246"><subfield code="a">Inyokern news-review</subfield><subfield code="f">Apr. 24, 1986-</subfield></datafield><datafield ind1=" " ind2=" " tag="260"><subfield code="a">Inyokern, CA :</subfield><subfield code="b">Patricia M. Farris</subfield></datafield><datafield ind1=" " ind2=" " tag="310"><subfield code="a">Weekly</subfield></datafield><datafield ind1="0" ind2=" " tag="362"><subfield code="a">Vol. 11, no. 40 (Apr. 24, 1986)-</subfield></datafield><datafield ind1=" " ind2=" " tag="500"><subfield code="a">Publication moved to Ridgecrest.</subfield></datafield><datafield ind1=" " ind2=" " tag="530"><subfield code="a">Master negatives are available for duplication from:</subfield><subfield code="b">California Newspaper Microfilm Archive;</subfield><subfield code="c">positive copies may be purchased by the reel; for further information consult the CNMA at:</subfield><subfield code="u">http://cbsr.ucr.edu</subfield></datafield><datafield ind1=" " ind2="0" tag="651"><subfield code="a">Inyokern (Calif.)</subfield><subfield code="v">Newspapers.</subfield></datafield><datafield ind1=" " ind2="0" tag="651"><subfield code="a">Ridgecrest (Calif.)</subfield><subfield code="v">Newspapers.</subfield></datafield><datafield ind1=" " ind2="7" tag="655"><subfield code="a">Newspapers.</subfield><subfield code="2">fast</subfield><subfield code="0">(OCoLC)fst01423814</subfield></datafield><datafield ind1=" " ind2="7" tag="651"><subfield code="a">California</subfield><subfield code="z">Inyokern.</subfield><subfield code="2">fast</subfield><subfield code="0">(OCoLC)fst01204996</subfield></datafield><datafield ind1=" " ind2="7" tag="651"><subfield code="a">California</subfield><subfield code="z">Ridgecrest.</subfield><subfield code="2">fast</subfield><subfield code="0">(OCoLC)fst01226655</subfield></datafield><datafield ind1=" " ind2=" " tag="752"><subfield code="a">United States</subfield><subfield code="b">California</subfield><subfield code="c">Kern</subfield><subfield code="d">Inyokern.</subfield></datafield><datafield ind1=" " ind2=" " tag="752"><subfield code="a">United States</subfield><subfield code="b">California</subfield><subfield code="c">Kern</subfield><subfield code="d">Ridgecrest.</subfield></datafield><datafield ind1="0" ind2="0" tag="780"><subfield code="t">Inyokern news-review</subfield><subfield code="w">(DLC)sn 95061959</subfield></datafield></record>